%YAML 1.1
%TAG !u! tag:unity3d.com,2011:
--- !u!244 &-3705841610568170560
AudioMixerEffectController:
  m_ObjectHideFlags: 3
  m_CorrespondingSourceObject: {fileID: 0}
  m_PrefabInstance: {fileID: 0}
  m_PrefabAsset: {fileID: 0}
  m_Name: 
  m_EffectID: e6fed06eba2bf53468abf173be0a221e
  m_EffectName: Attenuation
  m_MixLevel: 383b86093ea0e4943b25b8adf501c61d
  m_Parameters: []
  m_SendTarget: {fileID: 0}
  m_EnableWetMix: 0
  m_Bypass: 0
--- !u!244 &-3379444364499314241
AudioMixerEffectController:
  m_ObjectHideFlags: 3
  m_CorrespondingSourceObject: {fileID: 0}
  m_PrefabInstance: {fileID: 0}
  m_PrefabAsset: {fileID: 0}
  m_Name: 
  m_EffectID: 60348012153d87643a3c9cf8d4b20349
  m_EffectName: Attenuation
  m_MixLevel: 6abe088ce3477d04588a657e5504bf26
  m_Parameters: []
  m_SendTarget: {fileID: 0}
  m_EnableWetMix: 0
  m_Bypass: 0
--- !u!243 &-2847399011784061478
AudioMixerGroupController:
  m_ObjectHideFlags: 0
  m_CorrespondingSourceObject: {fileID: 0}
  m_PrefabInstance: {fileID: 0}
  m_PrefabAsset: {fileID: 0}
  m_Name: SFX
  m_AudioMixer: {fileID: 24100000}
  m_GroupID: 158ca6746f85bc644a6280b1e02382fc
  m_Children: []
  m_Volume: 2bab7d7e2ce2000429b82806da859988
  m_Pitch: 251c954bb46ab314a86d89f5273b2362
  m_Send: 00000000000000000000000000000000
  m_Effects:
  - {fileID: -3379444364499314241}
  m_UserColorIndex: 0
  m_Mute: 0
  m_Solo: 0
  m_BypassEffects: 0
--- !u!241 &24100000
AudioMixerController:
  m_ObjectHideFlags: 0
  m_CorrespondingSourceObject: {fileID: 0}
  m_PrefabInstance: {fileID: 0}
  m_PrefabAsset: {fileID: 0}
  m_Name: Test
  m_OutputGroup: {fileID: 0}
  m_MasterGroup: {fileID: 24300002}
  m_Snapshots:
  - {fileID: 24500006}
  m_StartSnapshot: {fileID: 24500006}
  m_SuspendThreshold: -80
  m_EnableSuspend: 1
  m_UpdateMode: 0
  m_ExposedParameters:
  - guid: bbf08ff42b1a39f4d9dbf64f97797e13
    name: BGM
  - guid: 2bab7d7e2ce2000429b82806da859988
    name: SFX
  m_AudioMixerGroupViews:
  - guids:
    - a73314ac2a3ef094abef03f95419385d
    - c5fa67249be8c6b4b8a6ce72d6a467f3
    - 158ca6746f85bc644a6280b1e02382fc
    name: View
  m_CurrentViewIndex: 0
  m_TargetSnapshot: {fileID: 24500006}
--- !u!243 &24300002
AudioMixerGroupController:
  m_ObjectHideFlags: 0
  m_CorrespondingSourceObject: {fileID: 0}
  m_PrefabInstance: {fileID: 0}
  m_PrefabAsset: {fileID: 0}
  m_Name: Master
  m_AudioMixer: {fileID: 24100000}
  m_GroupID: a73314ac2a3ef094abef03f95419385d
  m_Children:
  - {fileID: -2847399011784061478}
  - {fileID: 2864395123796690242}
  m_Volume: 3990408195d3bd04d9649cf0e2093379
  m_Pitch: 3bdd54cdad7e64f4bbc1586db7c555cb
  m_Send: 00000000000000000000000000000000
  m_Effects:
  - {fileID: 24400004}
  m_UserColorIndex: 0
  m_Mute: 0
  m_Solo: 0
  m_BypassEffects: 0
--- !u!244 &24400004
AudioMixerEffectController:
  m_ObjectHideFlags: 3
  m_CorrespondingSourceObject: {fileID: 0}
  m_PrefabInstance: {fileID: 0}
  m_PrefabAsset: {fileID: 0}
  m_Name: 
  m_EffectID: 1e34d7b628b88fa43ad66e454a0f7698
  m_EffectName: Attenuation
  m_MixLevel: bae88bde541f97e40a76b51953e08f80
  m_Parameters: []
  m_SendTarget: {fileID: 0}
  m_EnableWetMix: 0
  m_Bypass: 0
--- !u!245 &24500006
AudioMixerSnapshotController:
  m_ObjectHideFlags: 0
  m_CorrespondingSourceObject: {fileID: 0}
  m_PrefabInstance: {fileID: 0}
  m_PrefabAsset: {fileID: 0}
  m_Name: Snapshot
  m_AudioMixer: {fileID: 24100000}
  m_SnapshotID: 9624ffc9fddfc2641859d8ad1477c694
  m_FloatValues:
    2bab7d7e2ce2000429b82806da859988: -2.3589041
  m_TransitionOverrides: {}
--- !u!243 &2864395123796690242
AudioMixerGroupController:
  m_ObjectHideFlags: 0
  m_CorrespondingSourceObject: {fileID: 0}
  m_PrefabInstance: {fileID: 0}
  m_PrefabAsset: {fileID: 0}
  m_Name: BGM
  m_AudioMixer: {fileID: 24100000}
  m_GroupID: c5fa67249be8c6b4b8a6ce72d6a467f3
  m_Children: []
  m_Volume: bbf08ff42b1a39f4d9dbf64f97797e13
  m_Pitch: 8e147f5a868d85c4c91e904224976c9e
  m_Send: 00000000000000000000000000000000
  m_Effects:
  - {fileID: -3705841610568170560}
  m_UserColorIndex: 0
  m_Mute: 0
  m_Solo: 0
  m_BypassEffects: 0
